
% Spitoni et al. (2021) 
@ARTICLE{Spitoni2021,
       author = {{Spitoni}, E. and {Verma}, K. and {Silva Aguirre}, V. and {Vincenzo}, F. and {Matteucci}, F. and {Vai{\v{c}}ekauskait{\.{e}}}, B. and {Palla}, M. and {Grisoni}, V. and {Calura}, F.},
        title = "{APOGEE DR16: A multi-zone chemical evolution model for the Galactic disc based on MCMC methods}",
      journal = {\aap},
     keywords = {Galaxy: abundances, Galaxy: evolution, ISM: general, methods: statistical, Astrophysics - Astrophysics of Galaxies},
         year = 2021,
        month = mar,
       volume = {647},
          eid = {A73},
        pages = {A73},
          doi = {10.1051/0004-6361/202039864},
archivePrefix = {arXiv},
       eprint = {2101.08803},
 primaryClass = {astro-ph.GA},
       adsurl = {https://ui.adsabs.harvard.edu/abs/2021A&A...647A..73S},
      adsnote = {Provided by the SAO/NASA Astrophysics Data System}
}
